@article{taitler2022pyrddlgym,
  title={pyRDDLGym: From RDDL to Gym Environments},
  author={Taitler, Ayal and Gimelfarb, Michael and Gopalakrishnan, Sriram and Mladenov, Martin and Liu, Xiaotian and Sanner, Scott},
  journal={arXiv preprint arXiv:2211.05939},
  year={2022}
}

@article{mnih2013playing,
  title={Playing atari with deep reinforcement learning},
  author={Mnih, Volodymyr and Kavukcuoglu, Koray and Silver, David and Graves, Alex and Antonoglou, Ioannis and Wierstra, Daan and Riedmiller, Martin},
  journal={arXiv preprint arXiv:1312.5602},
  year={2013}
}
